<?xml version="1.0" encoding="UTF-8"?><record xmlns="http://www.loc.gov/MARC21/slim" xmlns:cinclude="http://apache.org/cocoon/include/1.0" xmlns:zs="http://www.loc.gov/zing/srw/">
  <leader>00376nz  a2200133n  4500</leader>
  <controlfield tag="001">n 2009004177</controlfield>
  <controlfield tag="003">DLC</controlfield>
  <controlfield tag="005">20090123082053.0</controlfield>
  <controlfield tag="008">090122n| acannaabn          |a ana      </controlfield>
  <datafield tag="010" ind1=" " ind2=" ">
    <subfield code="a">n 2009004177</subfield>
  </datafield>
  <datafield tag="040" ind1=" " ind2=" ">
    <subfield code="a">DLC</subfield>
    <subfield code="b">eng</subfield>
    <subfield code="c">DLC</subfield>
  </datafield>
  <datafield tag="110" ind1="2" ind2=" ">
    <subfield code="a">Throw Me the Statue (Musical group)</subfield>
  </datafield>
  <datafield tag="410" ind1="2" ind2=" ">
    <subfield code="a">TMTS (Musical group)</subfield>
  </datafield>
  <datafield tag="670" ind1=" " ind2=" ">
    <subfield code="a">Moonbeams, 2007:</subfield>
    <subfield code="b">label (Throw Me the Statue) container (TMTS)</subfield>
  </datafield>
</record>